
@article{AnestheticDrug2017,
  title = {Non-Opioid Anesthetic Drug Abuse among Anesthesia Care Providers: A Narrative Review},
  shorttitle = {Non-Opioid Anesthetic Drug Abuse among Anesthesia Care Providers},
  author = {{Zuleta-Alarc{\'o}n}, Alix and Coffman, John C. and Soghomonyan, Suren and Papadimos, Thomas J. and Bergese, Sergio D. and Moran, Kenneth R.},
  year = {2017},
  month = feb,
  volume = {64},
  pages = {169--184},
  issn = {0832-610X, 1496-8975},
  doi = {10.1007/s12630-016-0698-7},
  abstract = {Purpose The objective of this narrative review is to provide an overview of the problem of non-opioid anesthetic drug abuse among anesthesia care providers (ACPs) and to describe current approaches to screening, therapy, and rehabilitation of ACPs suffering from non-opioid anesthetic drug abuse.},
  file = {/home/simon/Zotero/storage/S4KNHQI7/Zuleta-Alarcón et al. - 2017 - Non-opioid anesthetic drug abuse among anesthesia .pdf},
  journal = {Canadian Journal of Anesthesia/Journal canadien d'anesth\'esie},
  language = {en},
  number = {2}
}

@book{badura2013,
  title = {{Verdammt zum Erfolg - die s\"uchtige Arbeitsgesellschaft?}},
  editor = {Badura, Bernhard and Ducki, Antje and Schr{\"o}der, Helmut and Klose, Joachim and Meyer, Markus and Abeler, Johannes},
  year = {2013},
  publisher = {{Springer}},
  address = {{Berlin Heidelberg}},
  annotation = {OCLC: 858674486},
  file = {/home/simon/Zotero/storage/QLPX6XL6/Badura et al. - 2013 - Verdammt zum Erfolg - die süchtige Arbeitsgesellsc.pdf},
  isbn = {978-3-642-37116-5 978-3-642-37117-2},
  language = {de},
  number = {2013},
  series = {{Fehlzeiten-Report}}
}

@book{baduraFehlzeitenReport2020Gerechtigkeit2020,
  title = {{Fehlzeiten-Report 2020: Gerechtigkeit und Gesundheit}},
  shorttitle = {{Fehlzeiten-Report 2020}},
  editor = {Badura, Bernhard and Ducki, Antje and Schr{\"o}der, Helmut and Klose, Joachim and Meyer, Markus},
  year = {2020},
  publisher = {{Springer Berlin Heidelberg}},
  address = {{Berlin, Heidelberg}},
  doi = {10.1007/978-3-662-61524-9},
  file = {/home/simon/Zotero/storage/FVRN9PA9/Badura et al. - 2020 - Fehlzeiten-Report 2020 Gerechtigkeit und Gesundhe.pdf},
  isbn = {978-3-662-61523-2 978-3-662-61524-9},
  language = {de}
}

@article{croissant2009,
  title = {{Betriebliche Suchtpr\"avention - Durchf\"uhrbarkeitsstudie in einem Betrieb der chemischen Industrie}},
  author = {Croissant, B and Klein, O and L{\"o}ber, S and Mann, K},
  year = {2004},
  month = sep,
  volume = {66},
  pages = {505--510},
  issn = {0941-3790, 1439-4421},
  doi = {10.1055/s-2004-813343},
  abstract = {Einleitung: Die betriebliche Suchtpr\"avention r\"uckt in den letz- Introduction: In recent years drug prevention at the place of ten Jahren zunehmend in das Blickfeld betrieblicher gesund- work has became increasingly important for programmes focusheitsf\"ordernder Programme. Ziel der suchtpr\"aventiven Program- sing on health promotion at the place of work. Drug prevention me ist die Senkung der Betriebskosten und die Bewahrung der programmes aim at reducing cost and protecting the employees Mitarbeiter vor gesundheitlichen Sch\"aden. Von innerbetriebli- from physical harm. There are virtually no reliable figures from chen Befragungen liegen praktisch kaum konkrete Zahlen vor. In surveys in companies. To date intervention programme in comdieser Untersuchung soll die Durchf\"uhrbarkeit der Evaluation ei- panies have hardly been verified. In this feasibility study we inner Interventionsma\ss nahme in einem gro\ss en Chemieunterneh- tended to examine the practicability of an evaluation of an intermen mittels Fragebogenerhebung \"uberpr\"uft und erste Effekte vention programme in a large chemical company by means of der Intervention sollen pr\"asentiert werden. Methodik: Im Rah- questionnaires and we present preliminary intervention effects. men einer Pilotstudie haben wir eine Interventionsma\ss nahme Methods: In the context of a pilot study we conducted and evalzur betrieblichen Suchtpr\"avention bei illegalen Drogen mit uated a drug prevention programme at the place of work. Focus Schwerpunkt Designerdrogen durchgef\"uhrt und evaluiert. Die In- was on illegal designer drugs. The programme was conducted as 505 terventionsma\ss nahme wurde als eint\"agiger Workshop f\"ur Ausbil- a one-day workshop for trainers in superior management posider mit verschiedenen Themenschwerpunkten durchgef\"uhrt. Ein tions. We used a feedback form and a detailed questionnaire on Feedbackbogen und ein ausf\"uhrlicher Fragebogen zur betriebli- drug prevention in the working place. 41 trainers who particichen Suchtpr\"avention wurden erhoben. 41 Ausbildern, die am pated in the seminar were compared with a control group of 12 Seminar teilgenommen hatten, wurde eine Kontrollgruppe von trainers who did not participate. Results: The intervention pro12 Ausbildern, die nicht am Seminar teilgenommen hatten, gegen- gramme was well accepted by the participants. Follow-up data \"ubergestellt. Ergebnisse: Die Interventionsma\ss nahme wurde von demonstrated, that participants in the seminar had far better den Teilnehmern gut akzeptiert. In der Nachuntersuchung zeigte knowledge of the employment agreement on addiction and sich, dass Seminarteilnehmer deutlich bessere Kenntnisse \"uber drugs and of the possible ways to get help and they were far das Hilfesystem Sucht und die Betriebsvereinbarung Sucht haben more active in realising the employment agreement. Concluund aktiver die betriebliche Suchtpr\"avention betreiben als Nicht- sion: To achieve a long-term improvement of drug abuse in comseminarteilnehmer. Schlussfolgerung: Die Implementierung ei- panies it is not enough to include and implement a passage on ner Betriebsvereinbarung Sucht alleine reicht nicht aus, um die Si- drug abuse and addiction in the employment agreement. Welltuation in Betrieben hinsichtlich Suchtmittelkonsum nachhaltig instructed trainers talk far often with colleagues displaying abzu verbessern. Besonders geschulte Ausbilder f\"uhren h\"aufiger Ge- normal or addictive behaviour, resulting in more rapid therapeutic interventions.},
  file = {/home/simon/Zotero/storage/E8DJANS4/Croissant et al. - 2004 - Betriebliche Suchtprävention - Durchführbarkeitsst.pdf},
  journal = {Das Gesundheitswesen},
  language = {de},
  number = {08/09}
}

@techreport{drogenbeauftragte2020,
  title = {Jahresbericht},
  author = {Bundesdrogenbeauftrage},
  year = {2020},
  file = {/home/simon/Zotero/storage/E78E5QRC/DSB_2020_final_bf.pdf}
}

@article{ennenbach2009,
  title = {{Wirksamkeit betrieblicher Suchtpr\"avention: Ergebnisse einer empirischen Untersuchung}},
  shorttitle = {{Wirksamkeit betrieblicher Suchtpr\"avention}},
  author = {Ennenbach, M. and Gass, B. and Reinecker, H. and Soyka, M.},
  year = {2009},
  month = mar,
  volume = {80},
  pages = {305--314},
  issn = {0028-2804, 1433-0407},
  doi = {10.1007/s00115-008-2590-3},
  file = {/home/simon/Zotero/storage/JECS3M4I/Ennenbach et al. - 2009 - Wirksamkeit betrieblicher Suchtprävention Ergebni.pdf},
  journal = {Der Nervenarzt},
  language = {de},
  number = {3}
}

@inproceedings{funke-kayerLangstenFehlzeitenWeiterhin2019,
  title = {Die L\"angsten {{Fehlzeiten}} Weiterhin Durch Psychische {{Erkrankungen}}},
  booktitle = {Pressemitteilung Der {{BPtK}}},
  author = {{Funke-Kayer}, Kai},
  year = {2019},
  month = may,
  pages = {3},
  publisher = {{BPtK}},
  address = {{Berlin}},
  file = {/home/simon/Zotero/storage/22X5FREE/20190523_pm_bptk_Die-längsten-Fehlzeiten-weiterhin-durch-psychische-Erkrankungen.pdf}
}

@article{goecke2018,
  title = {{Tabakpr\"avention am Beispiel der ,,rauchfrei``-Kampagne: Bundesweite Ma\ss nahmen der Bundeszentrale f\"ur gesundheitliche Aufkl\"arung (BZgA)}},
  shorttitle = {{Tabakpr\"avention am Beispiel der ,,rauchfrei``-Kampagne}},
  author = {Goecke, Michaela and Duhme, Kathrin},
  year = {2018},
  month = nov,
  volume = {61},
  pages = {1439--1445},
  issn = {1436-9990, 1437-1588},
  doi = {10.1007/s00103-018-2824-x},
  file = {/home/simon/Zotero/storage/PXPMKCDL/Goecke und Duhme - 2018 - Tabakprävention am Beispiel der „rauchfrei“-Kampag.pdf},
  journal = {Bundesgesundheitsblatt - Gesundheitsforschung - Gesundheitsschutz},
  language = {de},
  number = {11}
}

@article{haenel2016,
  title = {{Haus\"arztliche Bereitschaft zur Intervention bei zu hohem Alkoholkonsum: Eine Frage der Sicherheit im Umgang mit betroffenen Patienten?}},
  shorttitle = {{Haus\"arztliche Bereitschaft zur Intervention bei zu hohem Alkoholkonsum}},
  author = {Fankh{\"a}nel, Thomas and Rascher, Anja and Thiel, Carolin and Schulz, Katrin and Klement, Andreas},
  year = {2016},
  volume = {112},
  pages = {36--42},
  issn = {18659217},
  doi = {10.1016/j.zefq.2016.03.013},
  abstract = {Only a few general practitioners (GPs) are committed to screen their patients for alcohol consumption and, in case of excessive alcohol consumption conduct by a brief intervention according to WHO recommendations. Apart from inadequate compensation and work load, another barrier identified by the GPs was their uncertainty about how to deal with affected patients. Most German universities presently spend no more than 90 minutes lecture time on addiction medicine teaching. Our research aims to investigate the question whether medical studies and advanced medical education increases the role security of medical students and physicians and their commitment to implementing alcohol screening and brief intervention. Moreover, we will explore whether lack of therapeutic commitment can be related to lack of role security.},
  file = {/home/simon/Zotero/storage/6PECLQPV/Fankhänel et al. - 2016 - Hausärztliche Bereitschaft zur Intervention bei zu.pdf},
  journal = {Zeitschrift f\"ur Evidenz, Fortbildung und Qualit\"at im Gesundheitswesen},
  language = {de}
}

@book{ilo1996,
  title = {Management of Alcohol- and Drug-Related Issues in the Workplace},
  editor = {International Labour Office},
  year = {1996},
  publisher = {{International Labour Office}},
  address = {{Geneva}},
  file = {/home/simon/Zotero/storage/L8SD22W7/International Labour Office - 1996 - Management of alcohol- and drug-related issues in .pdf},
  isbn = {978-92-2-109455-5},
  keywords = {Alcoholism and employment,Drugs and employment,Employee assistance programs},
  language = {en},
  lccn = {HF5549.5.A4 M353 1996},
  series = {An {{ILO}} Code of Practice}
}

@article{jimenezEnhancingResourcesWorkplace2017,
  title = {Enhancing {{Resources}} at the {{Workplace}} with {{Health}}-{{Promoting Leadership}}},
  author = {Jim{\'e}nez, Paul and Bregenzer, Anita and Kallus, K. Wolfgang and Fruhwirth, Bianca and {Wagner-Hartl}, Verena},
  year = {2017},
  month = oct,
  volume = {14},
  pages = {1264},
  issn = {1660-4601},
  doi = {10.3390/ijerph14101264},
  abstract = {Leaders engaging in health-promoting leadership can influence their employees' health directly by showing health awareness or indirectly by changing working conditions. With health-promoting leadership, leaders are able to support a healthy working environment by providing resource-oriented working conditions for their employees to support their health. Changing working conditions in a health-supportive way can prevent possible negative consequences from critical working conditions (e.g., burnout risk). The present study examined the relationship between health-promoting leadership and the employees' resources, stress and burnout. To analyze our proposed model, structural equation modelling was conducted in two samples. The resulting model from the first sample of 228 Austrian workers was cross-validated and could be verified with the second sample (N = 263 Austrian workers). The results supported a model in which health-promoting leadership has a strong direct effect on the employees' resources and an indirect effect on stress and burnout, which was mediated by resources. The results indicate that health-promoting leadership describes the leaders' capability and dedication creating the right working conditions for their employees by increasing the employees' resources at the workplace. This in turn minimizes the risk of experiencing burnout.},
  file = {/home/simon/Zotero/storage/7MMSE7SE/Jiménez et al. - 2017 - Enhancing Resources at the Workplace with Health-P.pdf},
  journal = {International Journal of Environmental Research and Public Health},
  language = {en},
  number = {10}
}

@book{kniepsPsychischeGesundheitUnd2019,
  title = {{Psychische Gesundheit und Arbeit Zahlen, Daten, Fakten}},
  author = {Knieps, Franz and Pfaff, Holger and {MWV Medizinisch Wissenschaftliche Verlagsges. mbH \& Co. KG}},
  year = {2019},
  annotation = {OCLC: 1110707452},
  file = {/home/simon/Zotero/storage/H5J4TH3B/Knieps et al. - 2019 - Psychische Gesundheit und Arbeit Zahlen, Daten, Fa.pdf},
  isbn = {978-3-95466-470-2},
  language = {de}
}

@book{kniepsPsychischeGesundheitUnd2019a,
  title = {{Psychische Gesundheit und Arbeit Zahlen, Daten, Fakten}},
  author = {Knieps, Franz and Pfaff, Holger and {MWV Medizinisch Wissenschaftliche Verlagsges. mbH \& Co. KG}},
  year = {2019},
  annotation = {OCLC: 1110707452},
  file = {/home/simon/Zotero/storage/EMCBLSL7/Knieps et al. - 2019 - Psychische Gesundheit und Arbeit Zahlen, Daten, Fa.pdf},
  isbn = {978-3-95466-470-2},
  language = {de}
}

@article{loeber2008,
  title = {{Betriebliche Suchtpr\"avention: Theoretisches Wissen vs. Handlungskompetenz durch Schulungsma\ss nahmen}},
  shorttitle = {{Betriebliche Suchtpr\"avention}},
  author = {Loeber, S. and Klein, O. and Mann, K. and Croissant, B.},
  year = {2008},
  month = feb,
  volume = {76},
  pages = {92--96},
  issn = {0720-4299, 1439-3522},
  doi = {10.1055/s-2007-996168},
  abstract = {Although several companies are requesting interventions for substance abuse prevention at the workplace and a wide variety of interventions is successfully introduced into practice, empirical studies investigating the efficacy of such interventions are rare. In the present study 100 executive managers of a German chemical company, who had participated in an intervention to prevent substance consumption at the workplace one year before, were applied a questionnaire to assess effects of the intervention. Data from 22 managers, who had so far not received such an intervention, were collected to serve as a control condition. The intervention itself was designed as a theory oriented half a day course and was conducted in groups of 10 to 12 executive managers of the company. By comparing participants and non-participants, we found significant differences with respect to the knowledge how to deal with substance-related problems of staff members. For example, participants reported more frequently to know the company agreement about addiction. Further, participants reported less frequently to wait until such problems were solved anyway. However, we found no evidence for transfer of theoretical knowledge into practice. For example, we detected no significant group differences with respect to the number of appraisal interviews conducted because of substance-related problems. Taken together, the results of our study indicate, that the implementation of a company agreement about addiction and its introduction into practice based on theoretical courses is not sufficient to produce considerable effects. As an alternative, based on previous experiences we propose a series of workshops with role-plays and feedback to establish expertise in interviewing techniques with substance-related problems.},
  file = {/home/simon/Zotero/storage/D9SV2AQV/Loeber et al. - 2008 - Betriebliche Suchtprävention Theoretisches Wissen.pdf},
  journal = {Fortschritte der Neurologie {$\cdot$} Psychiatrie},
  language = {de},
  number = {2}
}

@misc{luxemburg2011,
  title = {{Die Luxemburger Deklaration zur betrieblichen Gesundheitsf\"orderung in der Europ\"aischen Union}},
  year = {2011},
  month = sep,
  collaborator = {Schwippert, Christopher},
  file = {/home/simon/Zotero/storage/Z688RDED/Luxemburger_Deklaration_09_11.pdf},
  language = {Deutsch}
}

@article{rey-riekLohntSichBetriebliche2003,
  title = {{Lohnt sich betriebliche Suchtpr\"avention?: Zu Effektivit\"at und Effizienz betrieblicher Alkoholpr\"avention}},
  shorttitle = {{Lohnt sich betriebliche Suchtpr\"avention?}},
  author = {{Rey-Riek}, Simone and G{\"u}ttinger, Franziska and Rehm, J{\"u}rgen},
  year = {2003},
  month = mar,
  volume = {4},
  pages = {12--17},
  issn = {1439-9903, 1439-989X},
  doi = {10.1055/s-2003-38099},
  abstract = {Zielsetzung: Mitarbeitende mit Suchtproblemen k\"onnen den Objective: As employees with addiction problems may cause betroffenen Betrieben erhebliche Kosten verursachen. Um er- substantial costs to companies, cost-effective measures are neefolgreich zu sein, m\"ussen sich pr\"aventive Ma\ss nahmen jedoch ded in order to prevent these costs. The overall objective of this f\"ur Betriebe in betriebswirtschaftlicher Hinsicht ,,lohnen``. Me- study was to evaluate the cost-benefit ratio of preventive measuthode: Mittels einer umfassenden Literaturrecherche wurden res in the workplace with potential application for Switzerland. Arbeiten aus dem angels\"achsischen und haupts\"achlich dem Methods: A computer-assisted comprehensive literature search deutschen Sprachraum zu Effektivit\"at und Effizienz von betrieb- and review were carried out on publications which dealt with tolichen Ma\ss nahmen im Alkoholbereich begutachtet. Ergebnisse: pics on effectiveness, cost-effectiveness and cost-benefit studies Es zeigte sich, dass nur wenige Arbeiten aus dem deutschspra- in Anglo-Saxon and German-speaking countries. We also looked chigen Raum vorliegen. Durch alkoholbedingte Fehlzeiten ver- at grey literature published in German. Results: There is a scarciursachte Kosten stehen im Mittelpunkt der meisten Studien. ty of studies from German-speaking countries. In addition, the Auch wenn die Studien untereinander schlecht vergleichbar majority of the studies on alcohol-attributable costs at the work12 sind, wird aufgezeigt, dass durch pr\"aventive Ma\ss nahmen ein place were restricted to absenteeism and did not include all costs wirtschaftlicher Nutzen entsteht, der die Kosten solcher Ma\ss - of alcohol. Even though studies were not easily comparable, thenahmen \"ubersteigt. Schlussfolgerungen: Im Sinne eines eher re seems to be an economic benefit from preventive measures, prim\"arpr\"aventiven Ansatzes, der die Betriebe relativ wenig kos- outweighing their costs. Conclusions: A measure between pritet und sich als effektiv erwiesen hat, wird f\"ur die Schweiz die mary and secondary prevention which requires relatively few reEinf\"uhrung von Kurzinterventionen bei Personen mit risikorei- sources and has proven to be effective are brief interventions. It chem Alkoholkonsum auch auf betrieblicher Ebene vorgeschla- is recommended that companies in Switzerland introduce this gen.},
  file = {/home/simon/Zotero/storage/NQHQWCP7/Rey-Riek et al. - 2003 - Lohnt sich betriebliche Suchtprävention Zu Effek.pdf},
  journal = {Suchttherapie},
  language = {de},
  number = {1}
}

@article{weber2016,
  title = {{Suchtpr\"avention in Niedersachsen: Akteursperspektiven auf Performanz und Potenziale}},
  shorttitle = {{Suchtpr\"avention in Niedersachsen}},
  author = {Weber, Jan},
  year = {2020},
  month = mar,
  volume = {63},
  pages = {344--353},
  issn = {1436-9990, 1437-1588},
  doi = {10.1007/s00103-020-03103-0},
  file = {/home/simon/Zotero/storage/4Z9DFQRY/Weber - 2020 - Suchtprävention in Niedersachsen Akteursperspekti.pdf},
  journal = {Bundesgesundheitsblatt - Gesundheitsforschung - Gesundheitsschutz},
  language = {de},
  number = {3}
}

@article{who2018,
  title = {International {{Standards}} for {{Drug Use Prevention}}, {{Second Edition}}, {{S}}. 37-39, {{Workplace}} Prevention Programmes.},
  author = {WHO},
  year = {2018},
  file = {/home/simon/Zotero/storage/WX7RPSTZ/standards_180412.pdf},
  journal = {World Health Organisation, United Nations Office on Drugs and Crime}
}

@article{wienemann2011,
  title = {Qualit\"atsstandards in Der Betrieblichen {{Suchtpr\"avention}} Und {{Suchthilfe}}},
  author = {Wienemann, Elisabeth},
  year = {2011},
  file = {/home/simon/Zotero/storage/J6JAMXSE/Qualitaetsstandards_DHS_2011.pdf},
  journal = {Deutsche Hauptstelle f\"ur Suchtfragen (DHS)}
}

@article{wrightOpioidAbuseNurse,
  title = {Opioid {{Abuse Among Nurse Anesthetists}} and {{Anesthesiologists}}},
  author = {Wright, E Laura and McGuiness, Teena and Moneyham, Linda D and Schumacher, Joseph E and Zwerling, Art and Stullenbarger, N Elizabeth N},
  pages = {9},
  abstract = {Abuse and dependency on potent opioids have long been recognized as problems among nurse anesthetists and anesthesiologists. Research has provided insight into the incidence of abuse, risk factors associated with this type of dependency, identification of an impaired provider, treatment for abuse and dependency, and prevention strategies. Although several factors influence the development of abuse and dependency, access to potent opioids likely has a large role. This access also makes returning to practice while in recovery extremely difficult because the temptation for relapse continually surrounds a recovering anesthesia provider. There is research supporting successful reentry of anesthesia providers into the practice of anesthesia; however, research also reveals high relapse rates among anesthesia providers who return to the practice of anesthesia. This article reviews the literature regarding opioid abuse and dependency among nurse anesthetists and anesthesiologists and offers implications for future research.},
  file = {/home/simon/Zotero/storage/C4MXUK7I/Wright et al. - Opioid Abuse Among Nurse Anesthetists and Anesthes.pdf},
  language = {en}
}


